@Article{aaa,
  author = 	 {AAA},
  title = 	 {The AAAA},
  journal = 	 {the journal},
  year = 	 1011,
  pages = 	 {222-333}}

@Book{bbb,
  author = 	 {BBB},
  title = 	 {the Book of BBBB},
  publisher = 	 {publisher},
  year = 	 2022}

